<?xml version="1.0" encoding="UTF-8"?><collection xmlns="http://www.loc.gov/MARC21/slim"><record><leader>00332nam--2200121-i-4500</leader><controlfield tag="001">000018236</controlfield><controlfield tag="002">20161230</controlfield><controlfield tag="005">20161230201032</controlfield><controlfield tag="008">060222s1000------------r-----000-0-eng-d</controlfield><datafield ind1=" " ind2=" " tag="100"><subfield code="a">Ferrari, Fabio</subfield></datafield><datafield ind1=" " ind2=" " tag="245"><subfield code="a">Leganti pozzolanici. publicazione della facolta d ingegneria di pisa. 59 p</subfield></datafield><datafield ind1=" " ind2=" " tag="490"><subfield code="a">Extras Din  Il Cemento</subfield></datafield><datafield ind1=" " ind2=" " tag="852"><subfield code="a">13860</subfield></datafield></record></collection>